@article{Laplace:1774zz,
      author         = "Laplace, Pierre Simon",
      title          = "{Memoir on the probability of the causes of events}",
      journal        = "Statist. Sci.",
      volume         = "1",
      year           = "1986",
      pages          = "364-378",
      doi            = "10.1214/ss/1177013621",
      note           = "[Savants Estranges6,621(1774)]",
      SLACcitation   = "%%CITATION = STSCE,1,364;%%"
}

@article{Barlow:1993dm,
      author         = "Barlow, Roger J. and Beeston, Christine",
      title          = "{Fitting using finite Monte Carlo samples}",
      journal        = "Comput. Phys. Commun.",
      volume         = "77",
      year           = "1993",
      pages          = "219-228",
      doi            = "10.1016/0010-4655(93)90005-W",
      reportNumber   = "MAN-HEP-93-1",
      SLACcitation   = "%%CITATION = CPHCB,77,219;%%"
}

@MISC{Fink97acompendium,
    author = {Daniel Fink},
    title = {A Compendium of Conjugate Priors},
    year = {1997}
}

@book{bernardo2009bayesian,
  title={Bayesian Theory},
  author={Bernardo, J.M. and Smith, A.F.M.},
  isbn={9780470317716},
  series={Wiley Series in Probability and Statistics},
  url={https://books.google.com.pe/books?id=11nSgIcd7xQC},
  year={2009},
  publisher={Wiley}
}

@article{Chirkin:2013lya,
      author         = "Chirkin, Dmitry",
      title          = "{Likelihood description for comparing data with
                        simulation of limited statistics}",
      year           = "2013",
      eprint         = "1304.0735",
      archivePrefix  = "arXiv",
      primaryClass   = "astro-ph.IM",
      SLACcitation   = "%%CITATION = ARXIV:1304.0735;%%"
}

@article{Glusenkamp:2017rlp,
      author         = "Gl√ºsenkamp, Thorsten",
      title          = "{Probabilistic treatment of the uncertainty from the
                        finite size of weighted Monte Carlo data}",
      journal        = "Eur. Phys. J. Plus",
      volume         = "133",
      year           = "2018",
      number         = "6",
      pages          = "218",
      doi            = "10.1140/epjp/i2018-12042-x",
      eprint         = "1712.01293",
      archivePrefix  = "arXiv",
      primaryClass   = "physics.data-an",
      SLACcitation   = "%%CITATION = ARXIV:1712.01293;%%"
}

@article{0954-3899-45-3-033001,
  author={Louis Lyons and Nicholas Wardle},
  title={Statistical issues in searches for new phenomena in High Energy Physics},
  journal={Journal of Physics G: Nuclear and Particle Physics},
  volume={45},
  number={3},
  pages={033001},
  url={http://stacks.iop.org/0954-3899/45/i=3/a=033001},
  year={2018},
  abstract={Many analyses of data in High Energy Physics are concerned with searches for New Physics. We review the statistical issues that arise in such searches, and then illustrate these using the specific example of the recent successful search for the Higgs boson, produced in collisions between high energy protons at CERN's Large Hadron Collider.}
}
	
@inproceedings{Conway:2011in,
      author         = "Conway, J. S.",
      title          = "{Incorporating Nuisance Parameters in Likelihoods for
                        Multisource Spectra}",
      booktitle      = "{Proceedings, PHYSTAT 2011 Workshop on Statistical Issues
                        Related to Discovery Claims in Search Experiments and
                        Unfolding, CERN,Geneva, Switzerland 17-20 January 2011}",
      year           = "2011",
      url            = "http://inspirehep.net/record/891252/files/arXiv:1103.0354.pdf",
      pages          = "115-120",
      doi            = "10.5170/CERN-2011-006.115",
      eprint         = "1103.0354",
      archivePrefix  = "arXiv",
      primaryClass   = "physics.data-an",
      SLACcitation   = "%%CITATION = ARXIV:1103.0354;%%"
}

@article{Cranmer:2012sba,
      author         = "Cranmer, Kyle and Lewis, George and Moneta, Lorenzo and
                        Shibata, Akira and Verkerke, Wouter",
      title          = "{HistFactory: A tool for creating statistical models for
                        use with RooFit and RooStats}",
      year           = "2012",
      reportNumber   = "CERN-OPEN-2012-016",
      SLACcitation   = "%%CITATION = CERN-OPEN-2012-016;%%"
}

@book{cowan1998statistical,
  title={Statistical data analysis},
  author={Cowan, Glen},
  year={1998},
  publisher={Oxford university press}
}

@article{Gainer:2014bta,
      author         = "Gainer, James S. and Lykken, Joseph and Matchev,
                        Konstantin T. and Mrenna, Stephen and Park, Myeonghun",
      title          = "{Exploring Theory Space with Monte Carlo Reweighting}",
      journal        = "JHEP",
      volume         = "10",
      year           = "2014",
      pages          = "078",
      doi            = "10.1007/JHEP10(2014)078",
      eprint         = "1404.7129",
      archivePrefix  = "arXiv",
      primaryClass   = "hep-ph",
      reportNumber   = "FERMILAB-PUB-14-114-CD-T, IPMU-14-0100, PUB-14-114-CD-T",
      SLACcitation   = "%%CITATION = ARXIV:1404.7129;%%"
}

@book{Lyons:1986em,
      author         = "Lyons, L.",
      title          = "{STATISTICS FOR NUCLEAR AND PARTICLE PHYSICISTS}",
      url            = "http://www.cambridge.org/uk/catalogue/catalogue.asp?isbn=0521255406",
      journal        = "Cambridge, Uk: Univ. Pr. ( 1986) 226p",
      year           = "1986",
      ISBN           = "9780521379342",
      SLACcitation   = "%%CITATION = INSPIRE-231759;%%"
}

@article{Bohm:2013gla,
      author         = "Bohm, G. and Zech, G.",
      title          = "{Statistics of weighted Poisson events and its
                        applications}",
      journal        = "Nucl. Instrum. Meth.",
      volume         = "A748",
      year           = "2014",
      pages          = "1-6",
      doi            = "10.1016/j.nima.2014.02.021",
      eprint         = "1309.1287",
      archivePrefix  = "arXiv",
      primaryClass   = "physics.data-an",
      SLACcitation   = "%%CITATION = ARXIV:1309.1287;%%"
}

@article{Feldman:1997qc,
      author         = "Feldman, Gary J. and Cousins, Robert D.",
      title          = "{A Unified approach to the classical statistical analysis
                        of small signals}",
      journal        = "Phys. Rev.",
      volume         = "D57",
      year           = "1998",
      pages          = "3873-3889",
      doi            = "10.1103/PhysRevD.57.3873",
      eprint         = "physics/9711021",
      archivePrefix  = "arXiv",
      primaryClass   = "physics.data-an",
      reportNumber   = "HUTP-97-A096",
      SLACcitation   = "%%CITATION = PHYSICS/9711021;%%"
}

@article{ForemanMackey:2012ig,
      author         = "Foreman-Mackey, Daniel and Hogg, David W. and Lang,
                        Dustin and Goodman, Jonathan",
      title          = "{emcee: The MCMC Hammer}",
      journal        = "Publ. Astron. Soc. Pac.",
      volume         = "125",
      year           = "2013",
      pages          = "306-312",
      doi            = "10.1086/670067",
      eprint         = "1202.3665",
      archivePrefix  = "arXiv",
      primaryClass   = "astro-ph.IM",
      SLACcitation   = "%%CITATION = ARXIV:1202.3665;%%"
}


@article{Pearson:1900,
	Author = {Pearson, Karl},
	Journal = {The London, Edinburgh, and Dublin Philosophical Magazine and Journal of Science},
	Number = {302},
	Pages = {157-175},
	Title = {On the criterion that a given system of deviations from the probable in the case of a correlated system of variables is such that it can be reasonably supposed to have arisen from random sampling},
	Volume = {50},
	Year = {1900}}

@article{Cogswell:2018auu,
      author         = "Cogswell, B. K. and Ernst, D. J. and Ufheil, K. T. L. and
                        Gaglione, J. T. and Malave, J. M.",
      title          = "{Neutrino oscillations: ILL experiment revisited}",
      year           = "2018",
      eprint         = "1802.07763",
      archivePrefix  = "arXiv",
      primaryClass   = "hep-ph",
      SLACcitation   = "%%CITATION = ARXIV:1802.07763;%%"
}


@misc{MCLLH,
  author = {Arg\"uelles, C.A. and Schneider, A. and Yuan, T.},
  title = {\texttt{MCLLH}},
  year = {2019},
  publisher = {GitHub},
  journal = {GitHub repository},
  howpublished = {\url{https://github.com/austinschneider/MCLLH}}
}

@book{poisson1837recherches,
  title={Recherches sur la probabilit{\'e} des jugements en mati{\`e}re criminelle et en mati{\`e}re civile prec{\'e}d{\'e}es des r{\`e}gles g{\'e}n{\'e}rales du calcul des probabilit{\'e}s},
  author={Poisson, Sim{\'e}on Denis},
  year={1837},
  publisher={Bachelier}
}

@article{Cousins:1991qz,
      author         = "Cousins, Robert D. and Highland, Virgil L.",
      title          = "{Incorporating systematic uncertainties into an upper
                        limit}",
      journal        = "Nucl. Instrum. Meth.",
      volume         = "A320",
      year           = "1992",
      pages          = "331-335",
      doi            = "10.1016/0168-9002(92)90794-5",
      reportNumber   = "DOE-ER-40389-69-REV, DOE-ER-40389-69",
      SLACcitation   = "%%CITATION = NUIMA,A320,331;%%"
}

@article{Abe:2018wpn,
      author         = "Abe, K. and others",
      title          = "{Search for CP Violation in Neutrino and Antineutrino Oscillations by the T2K Experiment with $2.2\times10^{21}$ Protons on Target}",
      collaboration  = "T2K",
      journal        = "Phys. Rev. Lett.",
      volume         = "121",
      year           = "2018",
      number         = "17",
      pages          = "171802",
      doi            = "10.1103/PhysRevLett.121.171802",
      eprint         = "1807.07891",
      archivePrefix  = "arXiv",
      primaryClass   = "hep-ex",
      SLACcitation   = "%%CITATION = ARXIV:1807.07891;%%"
}

@article{Abe:2017vif,
     author         = "Abe, K. and others",
     title          = "{Measurement of neutrino and antineutrino oscillations by the T2K experiment including a new additional sample of $\nu_e$ interactions at the far detector}",
     collaboration  = "T2K",
     journal        = "Phys. Rev.",
     volume         = "D96",
     year           = "2017",
     number         = "9",
     pages          = "092006",
     doi            = "10.1103/PhysRevD.96.092006, 10.1103/PhysRevD.98.019902",
     note           = "[Erratum: Phys. Rev.D98,no.1,019902(2018)]",
     eprint         = "1707.01048",
     archivePrefix  = "arXiv",
     primaryClass   = "hep-ex",
     SLACcitation   = "%%CITATION = ARXIV:1707.01048;%%"
}

@article{Glusenkamp:2019uir,
	author = "Gl√ºsenkamp, Thorsten",
	title = "{A unified perspective on modified Poisson likelihoods for limited Monte Carlo data}",
	eprint = "1902.08831",
	archivePrefix = "arXiv",
	primaryClass = "astro-ph.IM",
	doi = "10.1088/1748-0221/15/01/P01035",
	journal = "JINST",
	volume = "15",
	number = "01",
	pages = "P01035",
	year = "2020"
}
